<record><leader>00000cas a2200000 a 4500</leader><controlfield tag="001">11421657</controlfield><controlfield tag="008">841126c19509999nyuwr ne      0   a0eng c</controlfield><datafield ind1=" " ind2=" " tag="010"><subfield code="a">sn 84035792 </subfield></datafield><datafield ind1=" " ind2=" " tag="040"><subfield code="a">NYG</subfield><subfield code="b">eng</subfield><subfield code="c">NYG</subfield><subfield code="d">NYS</subfield><subfield code="d">NSD</subfield><subfield code="d">OCLCQ</subfield><subfield code="d">NYS</subfield><subfield code="d">OCLCQ</subfield><subfield code="d">DLC</subfield><subfield code="d">OCLCO</subfield></datafield><datafield ind1=" " ind2=" " tag="012"><subfield code="l">1</subfield><subfield code="m">1</subfield></datafield><datafield ind1="1" ind2=" " tag="022"><subfield code="a">1543-7825</subfield><subfield code="l">1543-7825</subfield><subfield code="2">1</subfield></datafield><datafield ind1="1" ind2=" " tag="029"><subfield code="a">AU@</subfield><subfield code="b">000020528207</subfield></datafield><datafield ind1=" " ind2=" " tag="032"><subfield code="a">388500</subfield><subfield code="b">USPS</subfield></datafield><datafield ind1=" " ind2=" " tag="037"><subfield code="b">Times/Review Newspapers, P.O. Box 1500, Mattituck, NY 11952</subfield></datafield><datafield ind1=" " ind2=" " tag="042"><subfield code="a">pcc</subfield><subfield code="a">nsdp</subfield></datafield><datafield ind1=" " ind2=" " tag="043"><subfield code="a">n-us-ny</subfield></datafield><datafield ind1="1" ind2="0" tag="050"><subfield code="a">ISSN RECORD</subfield></datafield><datafield ind1="0" ind2=" " tag="130"><subfield code="a">News-review (Riverhead, N.Y.)</subfield></datafield><datafield ind1="0" ind2=" " tag="210"><subfield code="a">News rev.</subfield><subfield code="b">(Riverhead N.Y.)</subfield></datafield><datafield ind1=" " ind2="4" tag="222"><subfield code="a">The news-review</subfield><subfield code="b">(Riverhead, N.Y.)</subfield></datafield><datafield ind1="1" ind2="4" tag="245"><subfield code="a">The news-review.</subfield></datafield><datafield ind1="1" ind2="3" tag="246"><subfield code="a">News-review of Riverhead</subfield><subfield code="f">1976-1982</subfield></datafield><datafield ind1="1" ind2="3" tag="246"><subfield code="a">Riverhead news-review</subfield></datafield><datafield ind1=" " ind2=" " tag="260"><subfield code="a">Riverhead, N.Y. :</subfield><subfield code="b">Harry Lee Pub. Co.,</subfield><subfield code="c">1950-</subfield></datafield><datafield ind1=" " ind2=" " tag="300"><subfield code="a">v. :</subfield><subfield code="b">ill. ;</subfield><subfield code="c">56 cm.</subfield></datafield><datafield ind1=" " ind2=" " tag="310"><subfield code="a">Weekly</subfield></datafield><datafield ind1="0" ind2=" " tag="362"><subfield code="a">Vol. 83, no. 30 (July 27, 1950)- =vol. 47, no. 50-</subfield></datafield><datafield ind1=" " ind2=" " tag="500"><subfield code="a">Published in Riverhead, N.Y., 1950-1980, in Greenport, N.Y, 1980-1988; and in Mattituck, N.Y., 1988-</subfield></datafield><datafield ind1=" " ind2=" " tag="500"><subfield code="a">"Official newspaper of the Town of Riverhead."</subfield></datafield><datafield ind1=" " ind2=" " tag="515"><subfield code="a">Discontinues the numbering of Riverhead news and continues the numbering of County review beginning with the Aug. 17, 1950 issue.</subfield></datafield><datafield ind1=" " ind2=" " tag="580"><subfield code="a">Sunday eds.: Sunday review (Riverhead, N.Y.), 1961-1971; Riverhead news &amp; county review, 1971-&lt;1972&gt;.</subfield></datafield><datafield ind1=" " ind2=" " tag="588"><subfield code="a">Latest issue consulted: Vol. 100, no. 47 (Aug. 15, 2002).</subfield></datafield><datafield ind1=" " ind2="0" tag="651"><subfield code="a">Riverhead (N.Y.)</subfield><subfield code="v">Newspapers.</subfield></datafield><datafield ind1=" " ind2="0" tag="651"><subfield code="a">Greenport (N.Y.)</subfield><subfield code="v">Newspapers.</subfield></datafield><datafield ind1=" " ind2="0" tag="651"><subfield code="a">Suffolk County (N.Y.)</subfield><subfield code="v">Newpspapers.</subfield></datafield><datafield ind1=" " ind2="4" tag="651"><subfield code="a">Mattituck (N.Y.)</subfield><subfield code="v">Newspapers.</subfield></datafield><datafield ind1=" " ind2=" " tag="752"><subfield code="a">United States</subfield><subfield code="b">New York</subfield><subfield code="c">Suffolk</subfield><subfield code="d">Riverhead.</subfield></datafield><datafield ind1="1" ind2=" " tag="775"><subfield code="t">Sunday review (Riverhead, N.Y.)</subfield><subfield code="g">1961-1971</subfield><subfield code="w">(DLC)sn 96083560</subfield><subfield code="w">(OCoLC)34062795</subfield></datafield><datafield ind1="1" ind2=" " tag="775"><subfield code="t">Riverhead news &amp; county review</subfield><subfield code="g">1971-&lt;1972&gt;</subfield><subfield code="w">(DLC)sn 96083559</subfield><subfield code="w">(OCoLC)34139827</subfield></datafield><datafield ind1="0" ind2="4" tag="780"><subfield code="t">Riverhead news</subfield><subfield code="w">(DLC)sn 96083565</subfield><subfield code="w">(OCoLC)34158863</subfield></datafield><datafield ind1="0" ind2="4" tag="780"><subfield code="t">County review (Riverhead, N.Y.)</subfield><subfield code="w">(DLC)sn 84035791</subfield><subfield code="w">(OCoLC)11315428</subfield></datafield></record>